@inproceedings{cobos2016open,
  title={Open-DLAs: An open dashboard for learning analytics},
  author={Cobos, Ruth and Gil, Silvia and Lareo, Angel and Vargas, Francisco A},
  booktitle={Proceedings of the third (2016) ACM conference on learning@ scale},
  pages={265--268},
  year={2016},
  doi={10.1145/2876034.2893430}
}

@article{lareo2022modeling,
  title = {Modeling the Sequential Pattern Variability of the Electromotor Command System of Pulse Electric Fish},
  author = {Lareo, Angel and Varona, Pablo and Rodriguez, Francisco B},
  year = {2022},
  journal = {Frontiers in Neuroinformatics},
  volume = {16},
  pages = {64},
  publisher = {{Frontiers}},
  issn = {1662-5196},
  doi = {10.3389/fninf.2022.912654}
}

@mastersthesis{ayala2020estudio,
  title = {Estudio y desarrollo de una herramienta en tiempo real para estimulación bidireccional dirigida por codificación temporal en el contexto de peces eléctricos},
  author = {Ayala, Alberto},
  type = {Bachelor's Thesis},
  year = {2020},
  month = sep,
  keywords = {TFG,GNB,Readed},
}

@phdthesis{vicentegarcia2025software,
  type = {Bachelor's {{Thesis}}},
  title = {Software Libre Para Problemas de Optimizaci{\'o}n En Gesti{\'o}n Educativa: {{Asignaci{\'o}n}} de Evaluadores},
  author = {Vicente Garc{\'i}a, Alberto},
  year = {2025},
  month = jul,
  keywords = {TFG}
}

@mastersthesis{moreno2021relacion,
  title = {Relación de la morfología de las colonias de musgos con sus dinámicas de desecación},
  author = {Moreno, Lucía},
  type = {Bachelor's Thesis},
  year = {2021},
  month = jul,
  keywords = {TFG}
}

@mastersthesis{ayala2022ciclo,
  title = {Ciclo cerrado para la búsqueda y estudio de códigos de actividad temporal neuronal a través de protocolos de estimulación en tiempo real con métricas de detección flexibles},
  author = {Ayala, Alberto},
  year = {2022}
}

@inproceedings{ayala2023identifyingconf,
  title = {Identifying and characterizing electric fish inter‐pulse interval sequences by means of Victor‐Purpura distance through closed‐loop stimulation experiments},
  booktitle = {Batsheva de Rothschild Conference on Active Sensing: From Animals to Robots},
  author = {Ayala, Alberto and Lareo, Angel and Varona, Pablo and Rodriguez, F. B.},
  year = {2023},
  address = {Israel}
}

@article{ayala2025neural,
  title={Neural temporal code-driven stimulation in real-time using the Victor--Purpura distance},
  author={Ayala, Alberto and Lareo, Angel and Varona, Pablo and Rodriguez, Francisco B},
  journal={Evolving Systems},
  volume={16},
  number={2},
  pages={53},
  year={2025},
  publisher={Springer}
}

@inproceedings{ayala2022closedloopconf,
  title = {Closed-loop stimulation protocol driven by flexible neural codes based on Victor-Purpura distance},
  booktitle = {{{CNS}} 2022, 31th Annual Computational Neuroscience Meeting, July 16 to 20},
  author = {Ayala, Alberto and Lareo, Angel and Varona, Pablo and Rodriguez, F. B.},
  year = {2022},
  address = {{Melbourne, Australia}}
}

@inproceedings{ayala2023closedloop,
  title = {Closed-loop stimulation protocol driven by flexible neural codes based on Victor-Purpura distance},
  booktitle = {{{CNS}} 2022, 31th Annual Computational Neuroscience Meeting, July 16 to 20},
  author = {Ayala, Alberto and Lareo, Angel and Varona, Pablo and Rodriguez, F. B.},
  year = {2023},
  volume = {51 (Suppl 1)},
  pages = {3-101, P92},
  publisher = {{Springer Netherlands}},
  doi = {10.1007/s10827-022-00841-9}
}

@inproceedings{ayala2024parameterization,
	title = {Parameterization of the Victor-Purpura Distance for Matching Temporal Neural Activity Patterns in Real-Time},
	booktitle = {AIAI 2023. {{IFIP}} Advances in Information and Communication Technology},
	author = {Ayala, Alberto and Lareo, Angel and Varona, Pablo and Rodriguez, Francisco B},
	editor={Maglogiannis, Ilias	and Iliadis, Lazaros and MacIntyre, John and Dominguez, Manuel},
	year = {2024},
	volume = {676},
	publisher= {Springer Nature Switzerland},
	address= {Cham},
	pages= {541--553},
	doi = {10.1007/978-3-031-63219-8_21}
}

@inproceedings{ayala2024parameterizationconf,
	title = {Parameterization of the Victor-Purpura Distance for Matching Temporal Neural Activity Patterns in Real-Time},
	booktitle = {{{IFIP}} International Conference on Artificial Intelligence Applications and Innovations, 27 – 30 June, 2024},
	author = {Ayala, Alberto and Lareo, Angel and Varona, Pablo and Rodriguez, Francisco B},
	year = {2024},
}

@inproceedings{horzyk2018associative,
	title={Associative graph data structures used for acceleration of K nearest neighbor classifiers},
	author={Horzyk, Adrian and Go{\l}don, Krzysztof},
	booktitle={Artificial Neural Networks and Machine Learning--ICANN 2018: 27th International Conference on Artificial Neural Networks, Rhodes, Greece, October 4-7, 2018, Proceedings, Part I 27},
	pages={648--658},
	year={2018},
	organization={Springer}
}

@inproceedings{lareo2022assessingconf,
  title = {Assessing the electromotor neural network’s topology through modeling and genetic algorithm optimization},
  booktitle = {{{CNS}} 2022, 31th Annual Computational Neuroscience Meeting, July 16 to 20},
  author = {Lareo, Angel and Varona, Pablo and Rodriguez, F. B.},
  year = {2022}
}

@inproceedings{lareo2023assessing,
  title = {Assessing the electromotor neural network’s topology through modeling and genetic algorithm optimization},
  booktitle = {Journal of Computational Neuroscience},
  author = {Lareo, Angel and Varona, Pablo and Rodriguez, F. B.},
  year = {2022},
  volume = {51 (Suppl 1)},
  pages = {3-101, P91},
  publisher = {{Springer Netherlands}},
  address = {{Melbourne, Australia}},
  doi = {10.1007/s10827-022-00841-9}
}

@phdthesis{lareo2014estudio,
  type = {B.{{S}}. Thesis},
  title = {Estudio Del Procesamiento de Informaci\'on En Peces El\'ectricos Mediante T\'ecnicas Lazo Cerrado de Estimulaci\'on En Tiempo Real},
  author = {Lareo, Angel and others},
  year = {2014}
}

@inproceedings{lareo2014weakly,
  title = {Weakly Electric Fish Information Processing Analyzed through Close-Loop Code-Driven Stimulation.},
  booktitle = {10th {{AIMS Conference}} on {{Dynamical Systems}}, {{Differential Equations}} and {{Applications}}},
  author = {Lareo, Angel},
  year = {2014},
  series = {Special {{Session}} 77: {{Theoretical}}, {{Technical}}, and {{Experimental Challenges}} in {{Closed-Loop Approaches}} in {{Biology}}},
  address = {{Madrid, Spain}}
}

@inproceedings{lareo2016sequential,
  title = {Sequential {{Information Processing}} in {{Electroreception}}: {{A Modelling Approach}}},
  booktitle = {Dynamic {{Days}} in {{Latin America}} and the {{Caribbean}}. {{Puebla}}. {{M\'exico}}.},
  author = {Lareo, Angel and Rodriguez, F. B.},
  year = {2016},
  address = {{Puebla. M\'exico.}},
  copyright = {All rights reserved}
}

@article{lareo2016temporal,
  title = {Temporal {{Code-Driven Stimulation}}: {{Definition}} and {{Application}} to {{Electric Fish Signaling}}},
  author = {Lareo, Angel and Forlim, Caroline G and Pinto, Reynaldo D and Varona, Pablo and Rodriguez, FB},
  year = {2016},
  journal = {Frontiers in Neuroinformatics},
  volume = {10},
  pages = {41},
  copyright = {All rights reserved},
  keywords = {GNB,own},
  doi = {10.3389/fninf.2016.00041}
}

@inproceedings{lareo2017analysis,
  title = {Analysis of {{Electroreception}} with {{Temporal Code-Driven Stimulation}}},
  booktitle = {Lecture {{Notes}} in {{Computer Science}}},
  author = {Lareo, Angel and Forlim, Caroline Garcia and Pinto, Reynaldo D and Varona, Pablo and Rodriguez, Francisco B},
  year = {2017},
  volume = {10305},
  pages = {101--111},
  publisher = {{Springer}},
  address = {{Cadiz, Spain}},
  doi = {10.1007/978-3-319-59153-7_9},
  copyright = {All rights reserved},
}

@inproceedings{lareo2017analysisconf,
	title = {Analysis of {{Electroreception}} with {{Temporal Code-Driven Stimulation}}},
	booktitle = {14th International Work-Conference on Artificial Neural Networks, June 14-16},
	author = {Lareo, Angel and Forlim, Caroline Garcia and Pinto, Reynaldo D and Varona, Pablo and Rodriguez, Francisco B},
	year = {2017},
	address = {{Cadiz, Spain}},
}

@inproceedings{lareo2017informationtheoretic,
  title = {Information-Theoretic Analysis of Temporal Code-Driven Stimulation Applied to Electroreception},
  booktitle = {{{CNS}} 2017, 26th Annual Computational Neuroscience Meeting, July 15-20},
  author = {Lareo, Angel and Forlim, Caroline G and Pinto, Reynaldo D and Varona, Pablo and Rodriguez, F. B.},
  year = {2017},
  volume = {18 (Suppl 1)},
  pages = {224},
  publisher = {{BMC Neuroscience}},
  address = {{Antwerpen, Belgium}},
  doi = {10.1186/s12868-017-0372-1}
}

@inproceedings{lareo2017informationtheoreticconf,
	title = {Information-Theoretic Analysis of Temporal Code-Driven Stimulation Applied to Electroreception},
	booktitle = {{{CNS}} 2017, 26th Annual Computational Neuroscience Meeting, July 15-20},
	author = {Lareo, Angel and Forlim, Caroline G and Pinto, Reynaldo D and Varona, Pablo and Rodriguez, F. B.},
	year = {2017},
	address = {{Antwerpen, Belgium}},
	doi = {10.1186/s12868-017-0372-1}
}

@inproceedings{lareo2018evolutionary,
  title = {Evolutionary {{Tuning}} of a {{Pulse Mormyrid Electromotor Model}} to {{Generate Stereotyped Sequences}} of {{Electrical Pulse Intervals}}},
  booktitle = {{{ICANN}} 2018, 27th International Conference on Artificial Neural Networks},
  author = {Lareo, Angel and Varona, Pablo and Rodriguez, F. B.},
  editor = {K{\r{u}}rkov{\'a}, V{\v e}ra and Manolopoulos, Yannis and Hammer, Barbara and Iliadis, Lazaros and Maglogiannis, Ilias},
  year = {2018},
  pages = {359--368},
  publisher = {{Springer International Publishing}},
  address = {{Rhodes, Greece}},
  doi = {10.1007/978-3-030-01421-6_35},
  isbn = {978-3-030-01421-6},
  organization = {Springer},
  keywords = {GNB,own}
}

@inproceedings{lareo2018evolutionaryconf,
	title = {Evolutionary {{Tuning}} of a {{Pulse Mormyrid Electromotor Model}} to {{Generate Stereotyped Sequences}} of {{Electrical Pulse Intervals}}},
	booktitle = {{{ICANN}} 2018, 27th International Conference on Artificial Neural Networks},
	author = {Lareo, Angel and Varona, Pablo and Rodriguez, F. B.},
	publisher = {{Springer International Publishing}},
	address = {{Rhodes, Greece}},
}

@inproceedings{lareo2019tuning,
  title = {Tuning a Computational Model of the Electromotor System to Patterns of Interpulse Intervals Recorded from {{Gnathonemus}} Petersii Specimens},
  booktitle = {{{CNS}} 2019, 28th Annual Computational Neuroscience Meeting, 13-17 July 2019},
  author = {Lareo, Angel and Varona, Pablo and Rodriguez, F. B.},
  year = {2019},
  volume = {20 (Suppl 1)},
  pages = {263},
  publisher = {{BMC Neuroscience}},
  address = {{Barcelona, Spain}},
  doi = {10.1186/s12868-019-0538-0}
}

@inproceedings{lareo2019tuningconf,
	title = {Tuning a Computational Model of the Electromotor System to Patterns of Interpulse Intervals Recorded from {{Gnathonemus}} Petersii Specimens},
	booktitle = {{{CNS}} 2019, 28th Annual Computational Neuroscience Meeting, 13-17 July 2019},
	author = {Lareo, Angel and Varona, Pablo and Rodriguez, F. B.},
	year = {2019},
	address = {{Barcelona, Spain}},
}

@inproceedings{ayala2023matching,
  title = {Matching Patterns of Temporal Neural Activity Using the Victor-Purpura Distance in Real-Time},
  booktitle = {Artificial Intelligence Applications and Innovations},
  author = {Ayala, Alberto and Lareo, Angel and Varona, Pablo and Rodriguez, F. B.},
  editor = {Maglogiannis, Ilias and Iliadis, Lazaros and MacIntyre, John and Dominguez, Manuel},
  year = {2023},
  pages = {541--553},
  vol = {676},
  publisher = {{Springer International Publishing}},
  address = {{Leon, Spain}},
  doi = {10.1007/978-3-031-34107-6_43},
  isbn = {978-3-030-01421-6},
  organization = {Springer},
  keywords = {GNB,own}
}

@inproceedings{ayala2021closedloopconf,
	title = {Closed-loop Temporal Code-Driven Stimulation implemented and tested using Real-Time eXperimental Interface ({{RTXI}})},
	booktitle = {{{CNS}} 2021, 30th Annual Computational Neuroscience Meeting, July 3 to 7},
	author = {Ayala, Alberto and Lareo, Angel and Varona, Pablo and Rodriguez, F. B.},
	year = {2021},
}

@inproceedings{ayala2021closedloop,
	title = {Closed-loop Temporal Code-Driven Stimulation implemented and tested using Real-Time eXperimental Interface ({{RTXI}})},
	booktitle = {{{CNS}} 2021, 30th Annual Computational Neuroscience Meeting, July 3 to 7},
	author = {Ayala, Alberto and Lareo, Angel and Varona, Pablo and Rodriguez, F. B.},
	volume = {49 (Suppl 1)},
	pages={S155--S156},
	year = {2021},
	address = {Online},
	doi={10.1007/s10827-021-00801-9}
}

@inproceedings{lareo2021closedloopconf,
  title = {Closed-Loop Stimulation Guided by Minimal Codes in the Sequential Activity of Weakly Electric Fish},
  booktitle = {{{CNS}} 2021, 30th Annual Computational Neuroscience Meeting, July 3 to 7},
  author = {Lareo, Angel and Ayala, Alberto and Varona, Pablo and Rodriguez, F. B.},
  year = {2021},
  address = {Online},
}

@inproceedings{lareo2021closedloop,
	title = {Closed-Loop Stimulation Guided by Minimal Codes in the Sequential Activity of Weakly Electric Fish},
	booktitle = {{{CNS}} 2021, 30th Annual Computational Neuroscience Meeting, July 3 to 7},
	author = {Lareo, Angel and Ayala, Alberto and Varona, Pablo and Rodriguez, F. B.},
	volume = {49 (Suppl 1)},
	pages={S154--S155},
	year = {2021},
	address = {Online},
	doi={10.1007/s10827-021-00801-9}
}

@article{lareo2021modeling,
  title = {Modeling the Variability of the Electromotor Command System of Pulse Electric Fish},
  author = {Lareo, Angel and Varona, Pablo and Rodriguez, Francisco B},
  year = {2021},
  journal = {bioRxiv},
  pages = {2020--06},
  publisher = {{Cold Spring Harbor Laboratory}},
  keywords = {own},
  doi = {10.1101/2020.06.09.142083}
}

@inproceedings{cobos2016opendlas,
  title = {Open-{{DLAs}}: {{An}} Open Dashboard for Learning Analytics},
  booktitle = {Proceedings of the Third (2016) {{ACM}} Conference on Learning@ Scale},
  author = {Cobos, Ruth and Gil, Silvia and Lareo, Angel and Vargas, Francisco A},
  year = {2016},
  pages = {265--268}
}

@article{leo2019btm,
  title = {{{BtM}}, a Low-Cost Open-Source Datalogger to Estimate the Water Content of Nonvascular Cryptogams},
  author = {Leo, Maria and Lareo, Angel and Garc{\'i}a Saura, Carlos and Hortal, Joaquin and Medina, Nagore G},
  year = {2019},
  publisher = {{MYJoVE Corporation}},
  doi={10.3791/58700}
}

@article{lallana2021assessing,
  title={Assessing Energy Descent Scenarios for the Ecological Transition in Spain 2020--2030},
  author={Lallana, Mart{\'\i}n and Almaz{\'a}n, Adri{\'a}n and Valero, Alicia and Lareo, {\'A}ngel},
  journal={Sustainability},
  volume={13},
  number={21},
  pages={11867},
  year={2021},
  publisher={Multidisciplinary Digital Publishing Institute},
  doi={10.3390/su132111867}
}

@inproceedings{forlim2017closedloop,
  title = {Closed-Loop Temporally Structured Light Stimulation in Weakly Electric Fish},
  booktitle = {26th Annual Computational Neuroscience Meeting (CNS*2017): Part 3},
  author = {Forlim, Caroline G and {de Almeida}, L.O.B. and Lareo, Angel and Pinto, Reynaldo D and Varona, Pablo and Rodriguez, F. B.},
  year = {2017},
  volume = {18 (Suppl 1)},
  pages = {223},
  publisher = {{BMC Neuroscience}},
  address = {{Antwerpen, Belgium}},
  doi = {10.1186/s12868-017-0372-1}
}

@inproceedings{forlim2017closedloopconf,
	title = {Closed-Loop Temporally Structured Light Stimulation in Weakly Electric Fish},
	booktitle = {{{CNS}} 2017, 26th Annual Computational Neuroscience Meeting, July 15-20},
	author = {Forlim, Caroline G and {de Almeida}, L.O.B. and Lareo, Angel and Pinto, Reynaldo D and Varona, Pablo and Rodriguez, F. B.},
	year = {2017},
	address = {{Antwerpen, Belgium}},
}

@inproceedings{moreno2021importance,
  title = {The importance of moss shoot and colony traits on their desiccation dynamics},
  booktitle = {The Bryological Times},
  author = {Moreno, Lucia and Lareo, Angel and Medina, Nagore G},
  year = {2021},
  volume = {152},
  pages = {52}
}

@inproceedings{hespanhol2024microclimate,
	title = {{BryoMicroClim}: {Collecting} bryophyte-relevant microclimate data to assess the gap between macro- and microclimate},
	booktitle = {EGU General Assembly 2024, 14–19 Apr 2024},
	author = {Hespanhol, Helena and Gon{\c c}alves, Jo{\~a}o and Portela, Ana P. and Vanderporten, Alain and Lareo, Angel and {Vila-Vi{\c c}osa}, Carlos and Vieira, Cristiana and Lima, Fernando and Bisang, Irene and Mu{\~n}oz, Jes{\'u}s and Marques, Joana and Hortal, Joaquin and Spill, John and Heden{\"a}s, Lars and Wilberforce, Lizzie and Leo, Mar{\'i}a and Medina, Nagore G. and Bell, Neil and L{\"o}nnell, Niklas and {Blackhall-Miles}, Robbie and Seabra, Rui and {Arenas-Castro}, Salvador and Hugonnot, Vincent},
	year = {2024},
	pages = {EGU24-13257},
	institution = {Copernicus Meetings},
	address = {{Vienna, Austria}},
	doi = {10.5194/egusphere-egu24-13257}
}

@inproceedings{hespanhol2024microclimateconf,
	title = {{BryoMicroClim}: {Collecting} bryophyte-relevant microclimate data to assess the gap between macro- and microclimate},
	booktitle = {EGU General Assembly 2024, 14–19 Apr 2024},
	author = {Hespanhol, Helena and Gon{\c c}alves, Jo{\~a}o and Portela, Ana P. and Vanderporten, Alain and Lareo, Angel and {Vila-Vi{\c c}osa}, Carlos and Vieira, Cristiana and Lima, Fernando and Bisang, Irene and Mu{\~n}oz, Jes{\'u}s and Marques, Joana and Hortal, Joaquin and Spill, John and Heden{\"a}s, Lars and Wilberforce, Lizzie and Leo, Mar{\'i}a and Medina, Nagore G. and Bell, Neil and L{\"o}nnell, Niklas and {Blackhall-Miles}, Robbie and Seabra, Rui and {Arenas-Castro}, Salvador and Hugonnot, Vincent},
	year = {2024},
	address = {{Vienna, Austria}},
}

@inproceedings{hespanhol2024bryomicroclimconf,
	title = {{BryoMicroClim}: {Collecting} bryophyte-relevant microclimate data to assess the gap between macro- and microclimate},
	booktitle = {XX International Botanical Congress (IBC), 21-27 July 2024},
	author = {Hespanhol, Helena and Gon{\c c}alves, Jo{\~a}o and Portela, Ana P. and Vanderporten, Alain and Lareo, Angel and {Vila-Vi{\c c}osa}, Carlos and Vieira, Cristiana and Lima, Fernando and Bisang, Irene and Mu{\~n}oz, Jes{\'u}s and Marques, Joana and Hortal, Joaquin and Spill, John and Heden{\"a}s, Lars and Wilberforce, Lizzie and Leo, Mar{\'i}a and Medina, Nagore G. and Bell, Neil and L{\"o}nnell, Niklas and {Blackhall-Miles}, Robbie and Seabra, Rui and {Arenas-Castro}, Salvador and Hugonnot, Vincent},
	year = {2024},
	address = {{Madrid, Spain}},
	url = {https://ibcmadrid2024.com/?seccion=scientificArea&subSeccion=detailAbstract&id=1928}
}

@inproceedings{hespanhol2024bryomicroclimconfa,
	title = {{BryoMicroClim}: {Collecting} bryophyte-relevant microclimate data to assess the gap between macro- and microclimate},
	booktitle = {Microclimate Ecology and Biogeography conference (ME\&B), 26-29 August 2024},
	author = {Hespanhol, Helena and Gon{\c c}alves, Jo{\~a}o and Portela, Ana P. and Vanderporten, Alain and Lareo, Angel and {Vila-Vi{\c c}osa}, Carlos and Vieira, Cristiana and Lima, Fernando and Bisang, Irene and Mu{\~n}oz, Jes{\'u}s and Marques, Joana and Hortal, Joaquin and Spill, John and Heden{\"a}s, Lars and Wilberforce, Lizzie and Leo, Mar{\'i}a and Medina, Nagore G. and Bell, Neil and L{\"o}nnell, Niklas and {Blackhall-Miles}, Robbie and Seabra, Rui and {Arenas-Castro}, Salvador and Hugonnot, Vincent},
	year = {2024},
	address = {{Helsinki, Finland}},
	url = {https://www.meb2024.com/wp-content/uploads/2024/08/Detailed-program-1.pdf}
}

@inproceedings{leo2025applicationsconf,
	title = {Applications of the BtM, a Customizable Open-Source Datalogger, for Monitoring Long-Term water dynamics in Cryptogam Dynamics},
	booktitle = {III SIBECOL \& XVIII AEET Meeting, 2-6th June},
	author = {Leo, Maria and Lareo, Angel and Medina, Nagore G},
	year = {2025},
	address = {{Pontevedra, Galicia}},
	url = {https://web.archive.org/web/20250811102639/https://sibecol-aeet-meeting2025.org/resources/files/ORALS_III_SIBECOL-XVII_AEET_Meeting_by_SESSION.pdf}
}

@inproceedings{lareo2025neunconf,
	title = {Neun, an efficient and customizable open-source library for computational neural modeling and biohybrid circuit design.},
	booktitle = {{{CNS}} 2025, 34th Annual Computational Neuroscience Meeting, July 5-9},
	author = {Lareo, Angel and Garrido-Peña, Alicia and Varona, Pablo and Rodriguez, Francisco B},
	year = {2025},
	address = {{Florence, Italy}},
	url = {https://web.archive.org/web/20250903175143/https://cns2025florence.sched.com/event/24uPJ/p159-neun-an-efficient-and-customizable-open-source-library-for-computational-neural-modeling-and-biohybrid-circuit-design}
}

@inproceedings{ayala2025realtimeconf,
	title = {Real-Time Temporal Code-driven Stimulation using Victor-Purpura Distance for Studying Spike Sequences in Neural Systems},
	booktitle = {{{CNS}} 2025, 34th Annual Computational Neuroscience Meeting, July 5-9},
	author = {Ayala, Alberto and Lareo, Angel and Garrido-Peña, Alicia and Varona, Pablo and Rodriguez, Francisco B},
	year = {2025},
	address = {{Florence, Italy}},
	url = {https://web.archive.org/web/20250903182542/https://cns2025florence.sched.com/event/24uI9/p012-real-time-temporal-code-driven-stimulation-using-victor-purpura-distance-for-studying-spike-sequences-in-neural-systems}
}

@phdthesis{berbel2025computational,
  title = {Computational {{Models}} for {{Studying}} the {{Coordination}} of {{Sequential Bursting Neural Activity}}},
  author = {Berbel, Blanca},
  year = {2025},
  month = jul,
  address = {Madrid, Spain},
  school = {Universidad Aut{\'o}noma de Madrid},
  keywords = {GNB,PhD}
}

@inproceedings{ayala2025temporal,
  title={Temporal Code-Driven Stimulation Adaptability to Neural Variability Using Victor-Purpura Distance},
  author={Ayala, Alberto and Lareo, Angel and Varona, Pablo and Rodriguez, Francisco B},
  booktitle={IFIP International Conference on Artificial Intelligence Applications and Innovations},
  pages={369--382},
  year={2025},
  organization={Springer}
}

@inproceedings{ayala2025temporalconf,
  title={Temporal Code-Driven Stimulation Adaptability to Neural Variability Using Victor-Purpura Distance},
  author={Ayala, Alberto and Lareo, Angel and Varona, Pablo and Rodriguez, Francisco B},
  booktitle={{{IFIP}} International Conference on Artificial Intelligence Applications and Innovations, 27 – 30 June, 2024},
  pages={369--382},
  year={2025},
  organization={Springer}
}

@inproceedings{ayala2024parameterizationconf,
	title = {Parameterization of the Victor-Purpura Distance for Matching Temporal Neural Activity Patterns in Real-Time},
	booktitle = {{{IFIP}} 21st International Conference on Artificial Intelligence Applications and Innovations, 26 – 29 June, 2025},
	author = {Ayala, Alberto and Lareo, Angel and Varona, Pablo and Rodriguez, Francisco B},
	year = {2025},
}

@inproceedings{ayala2024searching,
  title={Searching for functionally equivalent temporal sequences of neural activity using Victor-Purpura distance and surrogate candidates},
  author={Ayala, Alberto and Lareo, Angel and Varona, Pablo and Rodriguez, Francisco B},
  booktitle={Journal of Computational Neuroscience},
  volume={52},
  pages={S114--S114},
  year={2024},
  publisher = {{Springer Netherlands}},
  address = {{Melbourne, Australia}},
}

%-----------------------------------------------



